<record><leader>00000cas a22000007a 4500</leader><controlfield tag="001">11175795</controlfield><controlfield tag="008">840920d18711893inuwr ne      0    0eng d</controlfield><datafield ind1=" " ind2=" " tag="010"><subfield code="a">sn 84038007 </subfield></datafield><datafield ind1=" " ind2=" " tag="040"><subfield code="a">NPX</subfield><subfield code="b">eng</subfield><subfield code="c">NPX</subfield><subfield code="d">NPU</subfield><subfield code="d">NPI</subfield><subfield code="d">OCLCQ</subfield></datafield><datafield ind1=" " ind2=" " tag="042"><subfield code="a">msc</subfield></datafield><datafield ind1="0" ind2="4" tag="245"><subfield code="a">The Portland commercial.</subfield></datafield><datafield ind1=" " ind2=" " tag="260"><subfield code="a">Portland, Ind. :</subfield><subfield code="b">E.J. Marsh,</subfield><subfield code="c">-1893.</subfield></datafield><datafield ind1=" " ind2=" " tag="310"><subfield code="a">Weekly</subfield></datafield><datafield ind1="1" ind2=" " tag="362"><subfield code="a">Began with Dec. 14, 1871 issue?</subfield></datafield><datafield ind1="0" ind2=" " tag="362"><subfield code="a">-v. 29, no. 15 (Nov. 16, 1893).</subfield></datafield><datafield ind1=" " ind2=" " tag="580"><subfield code="a">Daily ed.: Daily commercial (Portland, Ind. : 1887).</subfield></datafield><datafield ind1=" " ind2=" " tag="588"><subfield code="a">Description based on: Vol. 7, no. 17 (Dec. 21, 1871).</subfield></datafield><datafield ind1=" " ind2=" " tag="752"><subfield code="a">United States</subfield><subfield code="b">Indiana</subfield><subfield code="c">Jay</subfield><subfield code="d">Portland.</subfield></datafield><datafield ind1="1" ind2=" " tag="775"><subfield code="t">Daily commercial (Portland, Ind. : 1887)</subfield><subfield code="w">(DLC)sn 86058255</subfield></datafield><datafield ind1="0" ind2="0" tag="780"><subfield code="t">Jay and Adams Republican</subfield><subfield code="w">(DLC)sn 86083459</subfield></datafield><datafield ind1="0" ind2="0" tag="785"><subfield code="t">Weekly commercial (Portland, Ind.)</subfield><subfield code="w">(DLC)sn 86058257</subfield></datafield><datafield ind1="1" ind2=" " tag="029"><subfield code="a">AU@</subfield><subfield code="b">000023435104</subfield></datafield></record>